% This file was created with JabRef 2.10.
% Encoding: Cp1252

%Towards the Holodeck: Fully Immersive Virtual Reality Visualisation of Scientific and Engineering Data

@Webpage{Nms:Size,
    Title = {GAMESCOM 2014: THE SUN WILL BURN OUT BEFORE YOU SEE ALL OF NO MAN'S SKY},
    Author = {Tal Blevins},
    Url = {http://uk.ign.com/articles/2014/08/15/gamescom-2014-the-sun-will-burn-out-before-you-see-all-of-no-mans-sky},
    LastChecked = {October 2, 2016},
    Year = {2014}
}

@Webpage{Minecraft:Website,
    Title = {minecraft.net},
    Author = {{Mojang}},
    Url = {https://minecraft.net/},
    LastChecked = {October 2, 2016}
}

@Webpage{Nms:Website,
    Title = {No Man's Sky},
    Author = {{Hello Games}},
    Url = {http://www.no-mans-sky.com/},
    LastChecked = {October 2, 2016}
}

@Webpage{Wiki:GamesWithPlg,
    Title = {Category:Video games with procedurally generated levels},
    Author = {Wikipedia},
    Url = {https://en.wikipedia.org/wiki/Category:Video_games_with_procedurally_generated_levels},
    LastChecked = {October 2, 2016}
}

@Book{PcgBook,
  Title = {Procedural Content Generation in Games},
  Author = {Noor Shaker and Julian Togelius and Mark J. Nelson},
  Publisher = {Erlbaum},
  Year = {1983}
}

@Article{PcgBook,
  title={Procedural Content Generation in Games: A Textbook and an Overview of Current Research},
  author={Shaker, Noor and Togelius, Julian and Nelson, Mark J},
  journal={Procedural Content Generation in Games: A Textbook and an Overview of Current Research},
  year={2014},
  publisher={Springer}
}

@Article{Hendrikx2013,
  title={Procedural content generation for games: A survey},
  author={Hendrikx, Mark and Meijer, Sebastiaan and Van Der Velden, Joeri and Iosup, Alexandru},
  journal={ACM Transactions on Multimedia Computing, Communications, and Applications (TOMM)},
  volume={9},
  number={1},
  pages={1},
  year={2013},
  publisher={ACM}
}

%% old

@Webpage{Unreal:Competition:Website,
  Title                    = {EPIC GAMES AND WELLCOME TRUST REVEAL \$20,000 BIG DATA VR CHALLENGE WINNER},
  Author                   = {D. Cowley},
  Url             				 = {https://www.unrealengine.com/blog/epic-games-and-wellcome-trust-reveal-20000-big-data-vr-challenge-winner},
  LastChecked							 = {Sep. 2016},
  Year                     = {2016}
}

@Article{Askvall1985,
  Title                    = {Computer supported reading vs. reading text on paper: A comparison of two reading situations},
  Author                   = {S. Askvall},
  Journal                  = {International Journal on Man-Machine Studies},
  Year                     = {1985},
  Number                   = {22},
  Pages                    = {425-439},
  Volume                   = {4}
}

@Book{Card1983,
  Title                    = {The psychology of human-computer interaction},
  Author                   = {S. K. Card and T. P. Moran and A. Newell},
  Publisher                = {Erlbaum},
  Year                     = {1983}
}

@Webpage{HiG:Website,
  Title                    = {HiG Website},
  Author                   = {HiG},
  Url             				 = {http://www.hig.no},
  LastChecked							 = {Jan. 2012},
  Year                     = {2010}
}

@InProceedings{Lancaster1985,
  Title                    = {Electronic publication and its impact on the presentation of information},
  Author                   = {F. W. Lancaster and A. Warner},
  Booktitle                = {The technology of text: Principles for structuring, designing, and displaying text},
  Year                     = {1985},
  Editor                   = {D. H. Jonassen},
  Pages                    = {292-309},
  Publisher                = {Educational Technology Publications}
}

@Webpage{Meldon1997,
  Title                    = {Reading from the web},
  Author                   = {W. Meldon},
  Url											 = {http://www.mit.edu/compsci/humanfactors/report9734.html},
  LastChecked              = {Nov. 2010},
  Year                     = {1997}
}


@Webpage{BallBouncer,
  Title                    = {Ballbouncer},
  Year                     = {2009},
  Author                   = {Jana Sieber},
  URL					             = {http://www.ballbouncer.org},
  Month                    = {March},
  Owner                    = {simonm},
  Timestamp                = {2010.05.18}
}

@Webpage{NTNUMaster,
  Title                    = {Directions for the Master's Thesis at the {D}epartment of {C}omputer {S}cience and {M}edia {T}echnology, {\NTNU}},
  Url                      = {http://www.ntnu.no/},
  LastChecked              = {15.5.2013}
}


@Game{Halo,
  Title                    = {Halo},
	Year			= {2003},
	publisher =	{Microsoft},
	developer = {Bungie Studios},
  Url                      = {http://www.halo.com/},
  LastChecked              = {15.5.2013}
}

@comment{jabref-entrytype: Webpage: req[url;year] opt[LastChecked]}
@comment{jabref-entrytype: Game: req[title;publisher;year] opt[Url;developer;level;LastChecked]}

